@inproceedings{klee,
  author    = {Cristian Cadar and
               Daniel Dunbar and
               Dawson R. Engler},
  title     = {{KLEE:} Unassisted and Automatic Generation of High-Coverage Tests
               for Complex Systems Programs},
  booktitle = {8th {USENIX} Symposium on Operating Systems Design and Implementation,
               {OSDI} 2008, December 8-10, 2008, San Diego, California, USA, Proceedings},
  year      = {2008},
}

@article{exe,
  author    = {Cristian Cadar and
               Vijay Ganesh and
               Peter M. Pawlowski and
               David L. Dill and
               Dawson R. Engler},
  title     = {{EXE:} Automatically Generating Inputs of Death},
  journal   = {{ACM} Trans. Inf. Syst. Secur.},
  year      = {2008},
}

@article{sage,
  author    = {Patrice Godefroid and
               Michael Y. Levin and
               David A. Molnar},
  title     = {{SAGE:} whitebox fuzzing for security testing},
  journal   = {Commun. {ACM}},
  year      = {2012},
}

@inproceedings{s2e,
  author    = {Vitaly Chipounov and
               Volodymyr Kuznetsov and
               George Candea},
  title     = {{S2E:} a platform for in-vivo multi-path analysis of software systems},
  booktitle = {Proceedings of the 16th International Conference on Architectural
               Support for Programming Languages and Operating Systems, {ASPLOS}
               2011, Newport Beach, CA, USA, March 5-11, 2011},
  year      = {2011},
}

@inproceedings{castan,
  author    = {Luis Pedrosa and
               Rishabh R. Iyer and
               Arseniy Zaostrovnykh and
               Jonas Fietz and
               Katerina J. Argyraki},
  title     = {Automated synthesis of adversarial workloads for network functions},
  booktitle = {Proceedings of the 2018 Conference of the {ACM} Special Interest Group
               on Data Communication, {SIGCOMM} 2018, Budapest, Hungary, August 20-25,
               2018},
  year      = {2018},
}

@inproceedings{vigor,
  author    = {Arseniy Zaostrovnykh and
               Solal Pirelli and
               Rishabh R. Iyer and
               Matteo Rizzo and
               Luis Pedrosa and
               Katerina J. Argyraki and
               George Candea},
  title     = {Verifying software network functions with no verification expertise},
  booktitle = {Proceedings of the 27th {ACM} Symposium on Operating Systems Principles,
               {SOSP} 2019, Huntsville, ON, Canada, October 27-30, 2019},
  year      = {2019},
}

@inproceedings{violet,
  author    = {Yigong Hu and
               Gongqi Huang and
               Peng Huang},
  title     = {Automated Reasoning and Detection of Specious Configuration in Large
               Systems with Symbolic Execution},
  booktitle = {14th {USENIX} Symposium on Operating Systems Design and Implementation,
               {OSDI} 2020, Virtual Event, November 4-6, 2020},
  year      = {2020},
}

@inproceedings{jitterbug,
  author    = {Luke Nelson and
               Jacob Van Geffen and
               Emina Torlak and
               Xi Wang},
  title     = {Specification and verification in the field: Applying formal methods
               to {BPF} just-in-time compilers in the Linux kernel},
  booktitle = {14th {USENIX} Symposium on Operating Systems Design and Implementation,
               {OSDI} 2020, Virtual Event, November 4-6, 2020},
  year      = {2020},
}

@inproceedings{hyperkernel,
  author    = {Luke Nelson and
               Helgi Sigurbjarnarson and
               Kaiyuan Zhang and
               Dylan Johnson and
               James Bornholt and
               Emina Torlak and
               Xi Wang},
  title     = {Hyperkernel: Push-Button Verification of an {OS} Kernel},
  booktitle = {Proceedings of the 26th Symposium on Operating Systems Principles,
               Shanghai, China, October 28-31, 2017},
  year      = {2017},
}

@inproceedings{bolt,
  author    = {Rishabh R. Iyer and
               Luis Pedrosa and
               Arseniy Zaostrovnykh and
               Solal Pirelli and
               Katerina J. Argyraki and
               George Candea},
  title     = {Performance Contracts for Software Network Functions},
  booktitle = {16th {USENIX} Symposium on Networked Systems Design and Implementation,
               {NSDI} 2019, Boston, MA, February 26-28, 2019},
  year      = {2019},
}

@article{se_3decades,
  author    = {Cristian Cadar and
               Koushik Sen},
  title     = {Symbolic execution for software testing: three decades later},
  journal   = {Commun. {ACM}},
  volume    = {56},
  number    = {2},
  pages     = {82--90},
  year      = {2013},
  url       = {https://doi.org/10.1145/2408776.2408795},
  doi       = {10.1145/2408776.2408795},
  timestamp = {Tue, 06 Nov 2018 12:51:41 +0100},
  biburl    = {https://dblp.org/rec/journals/cacm/CadarS13.bib},
  bibsource = {dblp computer science bibliography, https://dblp.org}
}